<record><leader>00000cas a22000007a 4500</leader><controlfield tag="001">13789671</controlfield><controlfield tag="008">860627d19271928inuwr ne      0    0eng d</controlfield><datafield ind1=" " ind2=" " tag="010"><subfield code="a">sn 86058269 </subfield></datafield><datafield ind1=" " ind2=" " tag="040"><subfield code="a">NPI</subfield><subfield code="b">eng</subfield><subfield code="c">NPI</subfield><subfield code="d">OCLCQ</subfield></datafield><datafield ind1=" " ind2=" " tag="042"><subfield code="a">msc</subfield></datafield><datafield ind1="0" ind2="4" tag="245"><subfield code="a">The East Gary times.</subfield></datafield><datafield ind1=" " ind2=" " tag="260"><subfield code="a">East Gary [i.e. Lake Station], Ind. :</subfield><subfield code="b">Lock &amp; Sobraske,</subfield><subfield code="c">1927-1928.</subfield></datafield><datafield ind1=" " ind2=" " tag="310"><subfield code="a">Weekly,</subfield><subfield code="b">Sept. 27, 1927-Oct. 26, 1928</subfield></datafield><datafield ind1=" " ind2=" " tag="321"><subfield code="a">Monthly,</subfield><subfield code="b">&lt;June 29, 1927-Aug. 1927&gt;</subfield></datafield><datafield ind1="0" ind2=" " tag="362"><subfield code="a">Vol. 1, no. 1 (June 29, 1927)-v. 3, no. 61 (Oct. 26, 1928).</subfield></datafield><datafield ind1=" " ind2=" " tag="500"><subfield code="a">"A community newspaper devoted to the best interests of residents of East Gary, Ind."</subfield></datafield><datafield ind1=" " ind2=" " tag="752"><subfield code="a">United States</subfield><subfield code="b">Indiana</subfield><subfield code="c">Lake</subfield><subfield code="d">Lake Station.</subfield></datafield><datafield ind1=" " ind2=" " tag="752"><subfield code="a">United States</subfield><subfield code="b">Indiana</subfield><subfield code="c">Lake</subfield><subfield code="d">East Gary.</subfield></datafield><datafield ind1="0" ind2="7" tag="785"><subfield code="t">Lake County news (Lake Station, Ind.)</subfield></datafield><datafield ind1="0" ind2="7" tag="785"><subfield code="t">Lake County news-times</subfield><subfield code="w">(DLC)sn 86058270</subfield></datafield></record>